@book{Wood2006,
   author = {Wood, Simon N.},
   title = {Generlized Additive Models: An Introduction with R},
   publisher = {Chapman & Hall/CRC},
   address = {Boca Raton},
   series = {Texts in Statistical Science},
   pages = {392},
   year = {2006},
   type = {Book}
}
