@inbook{RN10873,
   author = {McFarlane, D. J. and George, R. J. and Barrett-Lennard, E. G. and Gilfedder, M.},
   title = {Salinity in Dryland Agricultural Systems: Challenges and Opportunities},
   booktitle = {Innovations in Dryland Agriculture},
   editor = {Farooq, Muhammad and Siddique, Kadambot H. M.},
   publisher = {Springer International Publishing},
   address = {Cham},
   pages = {521-547},
   ISBN = {978-3-319-47928-6},
   DOI = {10.1007/978-3-319-47928-6_19},
   url = {https://doi.org/10.1007/978-3-319-47928-6_19},
   year = {2016},
   type = {Book Section}
}

