@article{akter2017groundwater,
  title={Groundwater salinity and interaction with surface water near Cootamundra, NSW, Australia},
  author={Akter, Farzina},
  year={2018},
  publisher={University of Sydney}
}
